@article{swedler,
author="Swedler, David I. and Simmons, Molly M. and Dominici, Francesca, and Hemenway, David",
title="Firearm Prevalence and Homicides of Law Enforcement Officers in the United States",
year="2015",
doi="http://dx.doi.org/10.2105/AJPH.2015.302749",
journal="American Journal of Public Health",
volume="105",
number="10",
pages="2042 - 2048",
}

@article{cooper,
author="Alexia Cooper and Erica Smith",
year="2011",
publisher="Bureau of Justice Statistics",
title="Homicide Trends in the United States, 1980-2008",
url="http://www.bjs.gov/index.cfm?ty=pbdetail&iid=2221",
}

@misc{shr,
title="Uniform Crime Reporting Program Data",
author="United States Department of Justice, Federal Bureau of Investigation",
year="2014",
doi="http://dx.doi.org/10.3886/ICPSR09028.v6",
publisher="Inter-university Consortium for Political and Social Research (ICPSR)"
}
