@article{swedler,
author="Swedler, David I. and Simmons, Molly M. and Dominici, Francesca, and Hemenway, David",
title="Firearm Prevalence and Homicides of Law Enforcement Officers in the United States",
year="2015",
doi="http://dx.doi.org/10.2105/AJPH.2015.302749",
journal="American Journal of Public Health",
volume="105",
number="10",
pages="2042 - 2048",
}

@article{cooper,
author="Alexia Cooper and Erica Smith",
year="2011",
publisher="Bureau of Justice Statistics",
title="Homicide Trends in the United States, 1980-2008",
url="http://www.bjs.gov/index.cfm?ty=pbdetail&iid=2221",
}

@misc{shr,
title="Uniform Crime Reporting Program Data",
author="United States Department of Justice, Federal Bureau of Investigation",
year="2014",
doi="http://dx.doi.org/10.3886/ICPSR09028.v6",
publisher="Inter-university Consortium for Political and Social Research (ICPSR)"
}

@article{fopa,
title="Firearm Owners' Protection Act",
volume="100",
pages="449 - 461",
publisher="U.S.~Government Printing Office",
year="1986",
citation="100 Stat. 449",
}

@article{fflra,
title="Federal Firearms License Reform Act",
volume="107",
pages="1536 - 1546",
publisher="U.S.~Government Printing Office",
year="1993",
citation="107 Stat. 1536",
}

@article{vcclea,
title="Violent Crime Control and Law Enforcement Act",
volume="108",
pages="1796 - 2151",
publisher="U.S.~Government Printing Office",
year="1994",
citation="108 Stat. 1796",
}

@article{kellermann,
author = {Kellermann, Arthur L. and Rivara, Frederick P. and Rushforth, Norman B. and Banton, Joyce G. and Reay, Donald T. and Francisco, Jerry T. and Locci, Ana B. and Prodzinski, Janice and Hackman, Bela B. and Somes, Grant},
title = {Gun Ownership as a Risk Factor for Homicide in the Home},
journal = {New England Journal of Medicine},
volume = {329},
number = {15},
pages = {1084-1091},
year = {1993},
doi = {10.1056/NEJM199310073291506},
note ={PMID: 8371731},
URL = {http://dx.doi.org/10.1056/NEJM199310073291506},
eprint = {http://dx.doi.org/10.1056/NEJM199310073291506}
}

@book{sergios,
title="Pattern Recognition",
edition="3rd edition",
year="2006",
publisher="Academic Press",
}
